@article{gqm,
      title={The goal question metric approach},
        author={Caldiera, VRBG and Rombach, H Dieter},
          journal={Encyclopedia of software engineering},
            volume={2},
              number={1994},
                pages={528--532},
                  year={1994}
}

@techreport{pdca,
      title={Economic Control of Quality of Manufactured Product/50th Anniversary Commemorative Issue. Millwauki: American Society for Quality, 1980},
        author={Shewhart, WA},
          institution={ISBN 0-87389-076},
          year = {1980}
      
}

@article{empirical,
      title={Empirical studies of agile software development: A systematic review},
        author={Dyb{\aa}, Tore and Dings{\o}yr, Torgeir},
          journal={Information and software technology},
            volume={50},
              number={9},
                pages={833--859},
                  year={2008},
                    publisher={Elsevier}
}

@article{rup,
      title={Software product-line engineering: a family-based software development process},
        author={Weiss, David M and others},
          year={1999},
            publisher={Addison-Wesley Professional; Har/Cdr edition}
}

@article{csikszentmihalyi,
  title={Flow and the Psychology of Discovery and Invention},
  author={Csikszentmihalyi, Mihaly},
  journal={HarperPerennial, New York},
  year={1997}
}

@MISC{correlacao,
title={IUPAC},
year={2014},
url = {http://old.iupac.org/}
}

@MISC{teclado,
title={Dozol},
year={2014},
url = {http://www.adrianodozol.blogspot.com.br}
}


@MISC{neuron-arq,
title={Jürgen},
author={Jürgen},
year={2014},
url = {http://www.wi.hs-wismar.de/~cleve/}
}

@MISC{notasfreq,
title={LabGaragem},
year={2014},
url = {http://labdegaragem.com/profiles/blogs/hino-de-times-de-futebol-de-sao-paulo-tocados-pelo-arduino}
}

@MISC{metodo,
title={Espa{\c{c}}o Cient{\'i}fico e Cultural},
author={Mesquita Filho, Alberto},
year={2014},
url = {http://www.ecientificocultural.com/ECC2/figuras/figura01.gif}
}

@article{jantsh,
  title={Transdisciplinaridade e sa{\'u}de coletiva},
  author={de Almeida Filho, Naomar},
  journal={Ci{\^e}ncia e sa{\'u}de coletiva},
  volume={11},
  number={1/2},
  year={1997}
}

@book{PO,
  title={Agile project management with Scrum},
  author={Schwaber, Ken},
  volume={7},
  year={2004},
  publisher={Microsoft press Redmond}
}

@book{gardner,
  title={Creating minds: An anatomy of creativity seen through the lives of Freud, Einstein, Picasso, Stravinsky, Eliot, Graham, and Gandhi},
  author={Gardner, Howard},
  year={2011},
  publisher={Basic Books}
}

@incollection{agile,
  title={Towards an understanding of the conceptual underpinnings of agile development methodologies},
  author={Nerur},
  booktitle={Agile Software Development},
  pages={15--29},
  year={2010},
  publisher={Springer}
}

@book{criatividade,
  title={Criatividade em uma Perspectiva Transdisciplinar},
  author={Olzeni Costa Ribeiro, Maria Cândida Moraes},
  year={2014},
  publisher={Liber Livro}
}

@book{haykin2009neural,
  title={Neural networks and learning machines},
  author={Simon S and Haykin},
  volume={3},
  year={2009},
  publisher={Pearson Education Upper Saddle River}
}

@book{morin,
  title={Introdu{\c{c}}{\~a}o ao pensamento complexo},
  author={Morin, Edgar and Matos, Dulce},
  year={2007},
  publisher={Sulina Porto Alegre}
}

@article{Nyquist,
  title={Sampling-50 years after Shannon},
  author={Unser, Michael},
  journal={Proceedings of the IEEE},
  volume={88},
  number={4},
  pages={569--587},
  year={2000},
  publisher={IEEE}
}

@misc{amostragem,
  title={Coder for incorporating an auxiliary information signal in a digital audio signal, decoder for recovering such signals from the combined signal, and record carrier having such combined signal recorded thereon},
  author={Druyvesteyn},
  year={1992},
  month=nov # "~3",
  publisher={Google Patents},
  note={US Patent 5,161,210}
}

@book{oppenheim,
  title={Signals and systems},
  author={Oppenheim, Alan V and Willsky, Alan S and Nawab, Syed Hamid},
  volume={2},
  year={1983},
  publisher={Prentice-Hall Englewood Cliffs, NJ}
}

@book{wolfflin2000conceitos,
  title={Conceitos fundamentais da hist{\'o}ria da arte: o problema da evolu{\c{c}}{\~a}o dos estilos na arte mais recente},
  author={W{\"o}lfflin, Heinrich and J{\'u}nior, Jo{\~a}o Azenha},
  year={2000},
  publisher={Martins Fontes}
}

@article{portela2008caracterizaccao,
  title={Caracteriza{\c{c}}{\~a}o de fontes sonoras e aplica{\c{c}}{\~a}o na auraliza{\c{c}}{\~a}o de ambientes},
  author={Marcelo Santos},
  year={2008},
  publisher={Florian{\'o}polis, SC}
}

@article{med1996teoria,
  title={Teoria da M{\'u}sica. 4{\textordfeminine} edi{\c{c}}{\~a}o revista e ampliada},
  author={Med, Bohumil},
  journal={Bras{\'\i}lia-DF, Musimed},
  year={1996}
}

@article{picchords,
  title={PIC detector for piano chords},
  author={Barbancho, Isabel},
  journal={EURASIP Journal on Advances in Signal Processing},
  volume={2010},
  pages={6},
  year={2010},
  publisher={Hindawi Publishing Corp.}
}

@article{automaticmusic,
  title={Automatic music transcription as we know it today},
  author={Klapuri, Anssi P},
  journal={Journal of New Music Research},
  volume={33},
  number={3},
  pages={269--282},
  year={2004},
  publisher={Taylor \& Francis}
}

@book{jazzistas,
  title={Saying something: Jazz improvisation and interaction},
  author={Monson, Ingrid},
  year={2009},
  publisher={University of Chicago Press}
}

@online{afinador,
author = {cohortor.org},
title = {Tuner-gStrings Free},
month = oct,
year = {2014},
url = {https://play.google.com/store/apps/details?id=org.cohortor.gstrings}
}

@online{autotune2,
author = {Antares},
title = {Auto-Tune 7},
month = oct,
year = {2014},
url = {http://www.antarestech.com/products/detail.php?product=Auto-Tune_7_1}
}

@book{makingmusictechnology,
  title={Any Sound You Can Make: Making Music/Consuming Technology},
  author={Th{\'e}berge, Paul},
  year={1997},
  publisher={University Press of New England}
}

@book{dodge1997computer,
  title={Computer music: synthesis, composition and performance},
  author={Dodge, Charles and Jerse, Thomas A},
  year={1997},
  publisher={Macmillan Library Reference}
}

@article{autotune,
  title={Auto-Tune: Why pop music sounds perfect},
  author={Tyrangiel, Josh},
  journal={Time Magazine},
  pages={1877372--3},
  year={2009}
}

@manual{inmetro2003,
	Author = {INMETRO},
	Title = {Vocabulário internacional de termos fundamentais e gerais de
	metrologia},
	Year = {2013},
	Address = {Rio de Janeiro, Brasil},
	Pages = {75},
	isbn = {85-87090-90-9},
}

@inproceedings{soviero1997,
	Author = {P. A. O. Soviero and L. G. M. Lavagna},
	Title = {A Numerical Model for Thin Airfoils in Unsteady Motion},
	Year = {1997},
	Pages = {332-340},
	Volume = {19},
	Number = {3},
	Booktitle = {Journal of the Brazilian Societyt Mechanical Sciences},
}

@inproceedings{sparrow1980,
	Author = {E. M. Sparrow},
	Title = {Forced Convection Heat Transfer in a Duct Having Spanwise-Periodic
	Rectangular Protuberances},
	Year = {1980},
	Pages = {149-167},
	Volume = {3},
	Booktitle = {Numerical Heat Transfer},
}

@article{clark1986,
	Author = {J. A. Clark},
	Title = {Private Communication},
	Year = {1986},
	Address = {University of Michigan},
}

@article{arruda2007,
	Author = {M. B. B. Arruda},
	Title = {Como fazer referências: bibliográficas, eletrônicas e demais
	formas de documentos},
	Year = {2007},
	Url = {http://bu.ufsc.br/framerefer.html}
}

@article{coimbra1978,
	Author = {A. L. Coimbra},
	Title = {Lessons of Continuum Mechanics},
	Year = {1978},
	Address = {São Paulo, Brazil},
	Pages = {428},
	Editor = {Edgard Blücher},
}

@inproceedings{bordalo1989,
	Author = {S. N. Bordalo and J. H. Ferziger and S. J. Kline},
	Title = {The Development of Zonal Models for Turbulence},
	Year = {1989},
	Pages = {41-44},
	Booktitle = {Proceedings of the 10th Brazilian Congress of Mechanical
	Engineering},
	Volume = {1},
}

@manual{NBR14724:2011,
	Address = {Rio de Janeiro},
	Date-Added = {2012-12-15 20:34:08 +0000},
	Date-Modified = {2012-12-15 20:35:25 +0000},
	Month = mar,
	Org-Short = {ABNT},
	Organization = {Associa{\c c}\~ao Brasileira de Normas T\'ecnicas},
	Pages = 15,
	Subtitle = {Informa{\c c}\~ao e documenta{\c c}\~ao --- trabalhos acad\^emicos --- apresenta{\c c}\~ao},
	Title = {{NBR} 14724},
	Year = 2011
}

@manual{NBR6034:2000,
	Address = {Rio de Janeiro},
	Org-Short = {ABNT},
	Organization = {Associa{\c c}\~ao Brasileira de Normas T\'ecnicas},
	Subtitle = {Informa{\c c}\~ao e documenta{\c c}\~ao --- Referências},
	Title = {{NBR} 14724},
	Year = 2000
}
